<?xml version="1.0" encoding="UTF-8"?>
<?xml-stylesheet type="text/xsl" href="https://www.revistas.usp.br/lib/pkp/xml/oai2.xsl" ?>
<OAI-PMH xmlns="http://www.openarchives.org/OAI/2.0/" xmlns:xsi="http://www.w3.org/2001/XMLSchema-instance" xsi:schemaLocation="http://www.openarchives.org/OAI/2.0/ http://www.openarchives.org/OAI/2.0/OAI-PMH.xsd">
<responseDate>2023-08-07T14:49:54Z</responseDate>
<request verb="ListRecords" metadataPrefix="marcxml" set="actafisiatrica">https://www.revistas.usp.br/actafisiatrica/oai</request>
<ListRecords>
<record>
<header>
<identifier>oai:revistas.usp.br:article/102174</identifier>
<datestamp>2020-07-31T22:40:57Z</datestamp>
<setSpec>actafisiatrica:Art.+Orig.</setSpec>
<setSpec>driver</setSpec>
</header>
<metadata>
<record xmlns="http://www.loc.gov/MARC21/slim" xmlns:xsi="http://www.w3.org/2001/XMLSchema-instance" xsi:schemaLocation="http://www.loc.gov/MARC21/slim http://www.loc.gov/standards/marcxml/schema/MARC21slim.xsd">
<leader>     nmb a2200000Iu 4500</leader>
<controlfield tag="008">"980409 1998                        eng  "</controlfield>
<datafield tag="022" ind1="#" ind2="#">
<subfield code="$a">2317-0190</subfield>
</datafield>
<datafield tag="022" ind1="#" ind2="#">
<subfield code="$a">0104-7795</subfield>
</datafield>
<datafield tag="042" ind1=" " ind2=" ">
<subfield code="a">dc</subfield>
</datafield>
<datafield tag="245" ind1="0" ind2="0">
<subfield code="a">Análise cinemática tridimensional da articulação subtalar durante a marcha em mulheres normais</subfield>
</datafield>  <datafield tag="720" ind1="1" ind2=" ">
<subfield code="a">Saadi, Lícia Margarida de Vilhena</subfield>
<subfield code="u">Universidade Federal do Rio de Janeiro - UFRJ</subfield></datafield>
<datafield tag="720" ind1="1" ind2=" ">
<subfield code="a">Knackfuss, Iracy</subfield>
<subfield code="u">Universidade Federal do Rio de Janeiro - UFRJ</subfield></datafield>
<datafield tag="720" ind1="1" ind2=" ">
<subfield code="a">Castro, Carmen Lucia Natividade</subfield>
<subfield code="u">Universidade Federal do Rio de Janeiro - UFRJ</subfield></datafield>
<datafield tag="720" ind1="1" ind2=" ">
<subfield code="a">Emygdio, Rogério</subfield>
</datafield>
<datafield tag="520" ind1=" " ind2=" ">
<subfield code="a"> O objetivo deste trabalho foi estudar, aplicando o sistema Penk Peifonnnnce de análise cinemática tridimensional, a variação angular da articulação subtalar durante a marcha. Foram estudadas 29 mulheres assintomáticas, entre 40 e 75 anos, devido à grande demanda no ambulatório de MFR-HUCFF de mulheres com idade acima de 40 anos, que apresentam doenças que comprometem função da articulação subtalar. Utilizou-se o &quot;Sistema Penk Peiforlllnncepara Análise Tridimensional do Movimento&quot; com o programa computacional .&quot; Penkversão 5.2&quot; que aplica o método &quot;Direcl Linenr Trnnsforlllnlion - DLT&quot;. Aplicou-se uma variação da metodologia proposta por Nawoczenski e cols., 1995. Tendo em vista que o programa computacional utilizado, &quot;Peak versão 5.2&quot;, não é específico para a análise de marcha, foi desenvolvida uma rotina matemática para a conversão dos valores calculados nos ângulos da subtalar. No tratamento dos dados, utilizou-se a estatística descritiva dos valores do movimento da articulação subtalar durante o ciclo da marcha e o Teste F para o estudo comparativo do comportamento das articulações subtalar direita e esquerda. Os resultados mostraram que a Análise Cinemática Tridimensional, utilizando o Sistema Peak Perfomance, é precisa para avaliar o comportamento funcional da articulação subtalar e para quantificar a sua variação angular no ciclo da marcha (C=10,33° - SD=1,82; C=1O,360 - SD=1,46 pronação-supinação da articulação subtalar direita e esquerda). Os achados desta pesquisa são coincidentes com os descritos por Wright, 1964; Perry, 1992, Mann, 1993; Pratt, 1993; Inman, 1994 e mostram o comportamento fisiológico da articulação subtalar. Observou-se que não existem diferenças significativas entre o comportamento da articulação subtalar direita e esquerda durante o ciclo da marcha. </subfield>
</datafield>
<datafield tag="260" ind1=" " ind2=" ">
<subfield code="b">Faculdade de Medicina, Universidade de São Paulo</subfield>
</datafield>
<dataField tag="260" ind1=" " ind2=" ">
<subfield code="c">1998-04-09 00:00:00</subfield>
</dataField>   <datafield tag="856" ind1=" " ind2=" ">
<subfield code="q">application/pdf</subfield>
</datafield>
<datafield tag="856" ind1="4" ind2="0">
<subfield code="u">https://www.revistas.usp.br/actafisiatrica/article/view/102174</subfield>
</datafield>  <datafield tag="786" ind1="0" ind2=" ">
<subfield code="n">Acta Fisiátrica; v. 5 n. 1 (1998)</subfield>
</datafield>  <datafield tag="546" ind1=" " ind2=" ">
<subfield code="a">por</subfield>
</datafield>   <datafield tag="540" ind1=" " ind2=" ">
<subfield code="a">Copyright (c) 1998 Acta Fisiátrica</subfield>
</datafield>
</record>
</metadata>
</record>