
<record>
<header>
<identifier>oai:revistas.usp.br:article/102176</identifier>
<datestamp>2020-07-31T22:41:00Z</datestamp>
<setSpec>actafisiatrica:Art.+Orig.</setSpec>
<setSpec>driver</setSpec>
</header>
<metadata>
<record xmlns="http://www.loc.gov/MARC21/slim" xmlns:xsi="http://www.w3.org/2001/XMLSchema-instance" xsi:schemaLocation="http://www.loc.gov/MARC21/slim http://www.loc.gov/standards/marcxml/schema/MARC21slim.xsd">
<leader>     nmb a2200000Iu 4500</leader>
<controlfield tag="008">"980409 1998                        eng  "</controlfield>
<datafield tag="022" ind1="#" ind2="#">
<subfield code="$a">2317-0190</subfield>
</datafield>
<datafield tag="022" ind1="#" ind2="#">
<subfield code="$a">0104-7795</subfield>
</datafield>
<datafield tag="042" ind1=" " ind2=" ">
<subfield code="a">dc</subfield>
</datafield>
<datafield tag="245" ind1="0" ind2="0">
<subfield code="a">Perfil epidemiológico dos pacientes amputados tratados no Centro de Reabilitação &quot;Lar Escola São Francisco&quot;</subfield>
</datafield>  <datafield tag="720" ind1="1" ind2=" ">
<subfield code="a">Charnlian, Therezinha Rosane</subfield>
<subfield code="u">Universidade Federal de São Paulo - UNIFESP</subfield></datafield>
<datafield tag="720" ind1="1" ind2=" ">
<subfield code="a">Masiero, Danilo</subfield>
<subfield code="u">Universidade Federal de São Paulo - UNIFESP</subfield></datafield>
<datafield tag="520" ind1=" " ind2=" ">
<subfield code="a"> Os autores fizeram revisão de prontuários de 90 pacientes amputados, tratados no Lar Escola São Francisco - São Paulo, no período de janeiro de 1993 até junho de 1995, com o objetivo de traçar o perfil epidemiológico do próprio serviço. Houve predomínio do sexo masculino, de amputações acima do joelho e de etiologia vascular, em pacientes com mais de 50 anos de idade. Observou-se que ainda há muita demora no início do processo reabilitativo; que o tempo médio de tratamento é maior que o descrito na literatura, para quase todos os níveis de amputação; que os índices de abandono de tratamento são elevados, mesmo nas amputações de membros inferiores; que ainda há muita inadequação e desconhecimento, por parte dos médicos, em relação ao processo de reabilitação de pacientes amputados. </subfield>
</datafield>
<datafield tag="260" ind1=" " ind2=" ">
<subfield code="b">Faculdade de Medicina, Universidade de São Paulo</subfield>
</datafield>
<dataField tag="260" ind1=" " ind2=" ">
<subfield code="c">1998-04-09 00:00:00</subfield>
</dataField>   <datafield tag="856" ind1=" " ind2=" ">
<subfield code="q">application/pdf</subfield>
</datafield>
<datafield tag="856" ind1="4" ind2="0">
<subfield code="u">https://www.revistas.usp.br/actafisiatrica/article/view/102176</subfield>
</datafield>  <datafield tag="786" ind1="0" ind2=" ">
<subfield code="n">Acta Fisiátrica; v. 5 n. 1 (1998)</subfield>
</datafield>  <datafield tag="546" ind1=" " ind2=" ">
<subfield code="a">por</subfield>
</datafield>   <datafield tag="540" ind1=" " ind2=" ">
<subfield code="a">Copyright (c) 1998 Acta Fisiátrica</subfield>
</datafield>
</record>
</metadata>
</record>