
<record>
<header>
<identifier>oai:revistas.usp.br:article/102178</identifier>
<datestamp>2020-07-31T22:42:57Z</datestamp>
<setSpec>actafisiatrica:Art.+Orig.</setSpec>
<setSpec>driver</setSpec>
</header>
<metadata>
<record xmlns="http://www.loc.gov/MARC21/slim" xmlns:xsi="http://www.w3.org/2001/XMLSchema-instance" xsi:schemaLocation="http://www.loc.gov/MARC21/slim http://www.loc.gov/standards/marcxml/schema/MARC21slim.xsd">
<leader>     nmb a2200000Iu 4500</leader>
<controlfield tag="008">"980803 1998                        eng  "</controlfield>
<datafield tag="022" ind1="#" ind2="#">
<subfield code="$a">2317-0190</subfield>
</datafield>
<datafield tag="022" ind1="#" ind2="#">
<subfield code="$a">0104-7795</subfield>
</datafield>
<datafield tag="042" ind1=" " ind2=" ">
<subfield code="a">dc</subfield>
</datafield>
<datafield tag="245" ind1="0" ind2="0">
<subfield code="a">Análise crítica de parâmetros de qualidade de vida de pacientes com fibromialgia</subfield>
</datafield>  <datafield tag="720" ind1="1" ind2=" ">
<subfield code="a">Martinez, José Eduardo</subfield>
<subfield code="u">Pontifícia Universidade Católica. Faculdade de Ciências Médicas de Sorocaba</subfield></datafield>
<datafield tag="720" ind1="1" ind2=" ">
<subfield code="a">Barauna Filho, Iulo Sergio</subfield>
<subfield code="u">Pontifícia Universidade Católica. Faculdade de Ciências Médicas de Sorocaba</subfield></datafield>
<datafield tag="720" ind1="1" ind2=" ">
<subfield code="a">Kubokawa, Karen</subfield>
<subfield code="u">Pontifícia Universidade Católica. Faculdade de Ciências Médicas de Sorocaba</subfield></datafield>
<datafield tag="720" ind1="1" ind2=" ">
<subfield code="a">Pedreira, Isabela</subfield>
<subfield code="u">Pontifícia Universidade Católica. Faculdade de Ciências Médicas de Sorocaba</subfield></datafield>
<datafield tag="720" ind1="1" ind2=" ">
<subfield code="a">Machado, Luciana</subfield>
<subfield code="u">Pontifícia Universidade Católica. Faculdade de Ciências Médicas de Sorocaba</subfield></datafield>
<datafield tag="720" ind1="1" ind2=" ">
<subfield code="a">Cevasco, Guilhermo</subfield>
<subfield code="u">Pontifícia Universidade Católica. Faculdade de Ciências Médicas de Sorocaba</subfield></datafield>
<datafield tag="520" ind1=" " ind2=" ">
<subfield code="a"> Objetivo: Determinar quais sintomas ou distúrbios funcionais correlacionam-se com o impacto da fibromialgia (FM) na qualidade de vida de pacientes do sexo feminino. Vinte e seis mulheres que preencheram os critérios de classificação de fibromialgia do Colégio Americano de Reumatologia. Métodos: Estudo transversal para análise dos seguintes parâmetros: intensidade da dor (escala analógica numérica de dor – 0 a 10 – END); intensidade de fadiga (escala analógica numérica de fadiga – 0 a 10 – ENF); no de pontos dolorosos/gatilho; capacidade funcional (Health Assessment Questionnaire – 0 a 3 – HAQ); qualidade do sono (Postsleep Inventory – 0 a 120 – PSI); intensidade de sintomas depressivos (Beck Depression Inventory – 0 a 60 – BDI); e qualidade de vida global (Fibromyalgia Impact Questionnaire – 0 a 100 – FIQ). Os parâmetros foram analisados através do Coeficiente de Correlação de Spearman. Resultados: Houve correlação estatisticamente significante entre a qualidade de vida global (FIQ) e intensidade da dor (END), intensidade da fadiga (ENF) e capacidade funcional (HAQ). Houve correlação fraca com a qualidade do sono (PSI). Não se observou correlação entre o FIQ e a depressão (BDI). Por sua vez, a capacidade funcional (HAQ) correlaciona-se fortemente com a intensidade da dor e da fadiga. Não houve correlação entre o HAQ e o BDI. Conclusão: O impacto na qualidade de vida da fibromialgia correlaciona-se fortemente com a intensidade da dor, fadiga e decréscimo da capacidade funcional. </subfield>
</datafield>
<datafield tag="260" ind1=" " ind2=" ">
<subfield code="b">Faculdade de Medicina, Universidade de São Paulo</subfield>
</datafield>
<dataField tag="260" ind1=" " ind2=" ">
<subfield code="c">1998-08-03 00:00:00</subfield>
</dataField>   <datafield tag="856" ind1=" " ind2=" ">
<subfield code="q">application/pdf</subfield>
</datafield>
<datafield tag="856" ind1="4" ind2="0">
<subfield code="u">https://www.revistas.usp.br/actafisiatrica/article/view/102178</subfield>
</datafield>  <datafield tag="786" ind1="0" ind2=" ">
<subfield code="n">Acta Fisiátrica; v. 5 n. 2 (1998)</subfield>
</datafield>  <datafield tag="546" ind1=" " ind2=" ">
<subfield code="a">por</subfield>
</datafield>   <datafield tag="540" ind1=" " ind2=" ">
<subfield code="a">Copyright (c) 1998 Acta Fisiátrica</subfield>
</datafield>
</record>
</metadata>
</record>