
<record>
<header>
<identifier>oai:revistas.usp.br:article/102179</identifier>
<datestamp>2020-07-31T22:43:01Z</datestamp>
<setSpec>actafisiatrica:Art.+Orig.</setSpec>
<setSpec>driver</setSpec>
</header>
<metadata>
<record xmlns="http://www.loc.gov/MARC21/slim" xmlns:xsi="http://www.w3.org/2001/XMLSchema-instance" xsi:schemaLocation="http://www.loc.gov/MARC21/slim http://www.loc.gov/standards/marcxml/schema/MARC21slim.xsd">
<leader>     nmb a2200000Iu 4500</leader>
<controlfield tag="008">"980803 1998                        eng  "</controlfield>
<datafield tag="022" ind1="#" ind2="#">
<subfield code="$a">2317-0190</subfield>
</datafield>
<datafield tag="022" ind1="#" ind2="#">
<subfield code="$a">0104-7795</subfield>
</datafield>
<datafield tag="042" ind1=" " ind2=" ">
<subfield code="a">dc</subfield>
</datafield>
<datafield tag="245" ind1="0" ind2="0">
<subfield code="a">Perfil de limiares ventilatórios durante o exercício e o consumo de oxigênio de pico verificado em jogadoras de futebol</subfield>
</datafield>  <datafield tag="720" ind1="1" ind2=" ">
<subfield code="a">Silva, Paulo Roberto Santos</subfield>
<subfield code="u">Associação Portuguesa de Desportos</subfield></datafield>
<datafield tag="720" ind1="1" ind2=" ">
<subfield code="a">Andrade, Adilson</subfield>
<subfield code="u">Associação Portuguesa de Desportos</subfield></datafield>
<datafield tag="720" ind1="1" ind2=" ">
<subfield code="a">Visconti, Ana Maria</subfield>
<subfield code="u">Associação Portuguesa de Desportos</subfield></datafield>
<datafield tag="720" ind1="1" ind2=" ">
<subfield code="a">Ponte, Fernando Miele da</subfield>
<subfield code="u">Associação Portuguesa de Desportos</subfield></datafield>
<datafield tag="720" ind1="1" ind2=" ">
<subfield code="a">Tavares, Emídio Valenti</subfield>
<subfield code="u">Associação Portuguesa de Desportos</subfield></datafield>
<datafield tag="720" ind1="1" ind2=" ">
<subfield code="a">Rosa, Albertina Fontana</subfield>
<subfield code="u">Associação Portuguesa de Desportos</subfield></datafield>
<datafield tag="720" ind1="1" ind2=" ">
<subfield code="a">Costa, Solange Basílio da</subfield>
<subfield code="u">Associação Portuguesa de Desportos</subfield></datafield>
<datafield tag="720" ind1="1" ind2=" ">
<subfield code="a">Cordeiro, José Roberto</subfield>
<subfield code="u">Associação Portuguesa de Desportos</subfield></datafield>
<datafield tag="520" ind1=" " ind2=" ">
<subfield code="a"> Foram avaliadas trinta e sete jogadoras de futebol, com média de idade de 21,5 ± 5,9 anos, peso de 57,0 ± 8,3 kg, estatura de 161 ± 7 cm e índice de massa corpórea de 21,8 ± 2,1 kg/m2. Todas as atletas foram submetidas à avaliação espirométrica e metabólica, por meio de um sistema computadorizado de análise de gases expirados da marca SensorMedics, modelo Vmax 29C. A resposta cardiovascular foi verificada por meio de um eletrocardiógrafo computadorizado da marca HeartWare, modelo 6.4. A capacidade física máxima foi avaliada através de teste realizado em esteira rolante da marca Inbramed, modelo ATL-10.100, utilizando-se protocolo escalonado contínuo. Os seguintes parâmetros fisiológicos e os resultados encontrados foram: no Limiar Ventilatório Um (LV1): VO2 = 30,5 ± 3,7 mlO2.kg-1.min-1; % VO2 = 64 ± 7%; velocidade de corrida = 8,1 ± 0,3 km.h-1; FC = 154 ± 9 bpm. No Limiar Ventilatório Dois (LV2): VO2 = 40,9 ± 4,5 mlO2.kg-1.min-1; % VO2 = 85,7 ± 4,9 %; velocidade de corrida = 11,4 ± 1,1 km.h-1; FC = 179 ± 7 bpm. O VO2 de pico foi de 47,4 ± 4,1 mlO2.kg-1.min-1. Concluindo, a verificação de limiares ventilatórios e a potência aeróbia em jogadoras de futebol são parâmetros fisiológicos de grande importância, pois permitem ampliar suas aplicações práticas, qualificando, controlando e desenvolvendo de modo mais adequado e objetivo o treinamento físico dessas atletas. </subfield>
</datafield>
<datafield tag="260" ind1=" " ind2=" ">
<subfield code="b">Faculdade de Medicina, Universidade de São Paulo</subfield>
</datafield>
<dataField tag="260" ind1=" " ind2=" ">
<subfield code="c">1998-08-03 00:00:00</subfield>
</dataField>   <datafield tag="856" ind1=" " ind2=" ">
<subfield code="q">application/pdf</subfield>
</datafield>
<datafield tag="856" ind1="4" ind2="0">
<subfield code="u">https://www.revistas.usp.br/actafisiatrica/article/view/102179</subfield>
</datafield>  <datafield tag="786" ind1="0" ind2=" ">
<subfield code="n">Acta Fisiátrica; v. 5 n. 2 (1998)</subfield>
</datafield>  <datafield tag="546" ind1=" " ind2=" ">
<subfield code="a">por</subfield>
</datafield>   <datafield tag="540" ind1=" " ind2=" ">
<subfield code="a">Copyright (c) 1998 Acta Fisiátrica</subfield>
</datafield>
</record>
</metadata>
</record>