
<record>
<header>
<identifier>oai:revistas.usp.br:article/102182</identifier>
<datestamp>2020-07-31T22:44:54Z</datestamp>
<setSpec>actafisiatrica:Art.+Orig.</setSpec>
<setSpec>driver</setSpec>
</header>
<metadata>
<record xmlns="http://www.loc.gov/MARC21/slim" xmlns:xsi="http://www.w3.org/2001/XMLSchema-instance" xsi:schemaLocation="http://www.loc.gov/MARC21/slim http://www.loc.gov/standards/marcxml/schema/MARC21slim.xsd">
<leader>     nmb a2200000Iu 4500</leader>
<controlfield tag="008">"981209 1998                        eng  "</controlfield>
<datafield tag="022" ind1="#" ind2="#">
<subfield code="$a">2317-0190</subfield>
</datafield>
<datafield tag="022" ind1="#" ind2="#">
<subfield code="$a">0104-7795</subfield>
</datafield>
<datafield tag="042" ind1=" " ind2=" ">
<subfield code="a">dc</subfield>
</datafield>
<datafield tag="245" ind1="0" ind2="0">
<subfield code="a">Perfil de aptidão cardiorrespiratória e metabólica em bailarinos profissionais</subfield>
</datafield>  <datafield tag="720" ind1="1" ind2=" ">
<subfield code="a">Silva, Paulo Roberto Santos</subfield>
<subfield code="u">Universidade de São Paulo. Faculdade de Medicina</subfield></datafield>
<datafield tag="720" ind1="1" ind2=" ">
<subfield code="a">Romano, Angela</subfield>
<subfield code="u">Universidade de São Paulo. Faculdade de Medicina</subfield></datafield>
<datafield tag="720" ind1="1" ind2=" ">
<subfield code="a">Gava, Nilo Sérgio</subfield>
<subfield code="u">Universidade de São Paulo. Faculdade de Medicina</subfield></datafield>
<datafield tag="720" ind1="1" ind2=" ">
<subfield code="a">Dourado, Maristela Palácios</subfield>
<subfield code="u">Universidade de São Paulo. Faculdade de Medicina</subfield></datafield>
<datafield tag="720" ind1="1" ind2=" ">
<subfield code="a">Yazbek Junior, Paulo</subfield>
<subfield code="u">Universidade de São Paulo. Faculdade de Medicina</subfield></datafield>
<datafield tag="720" ind1="1" ind2=" ">
<subfield code="a">Shinzato, Gilson Tanaka</subfield>
<subfield code="u">Universidade de São Paulo. Faculdade de Medicina</subfield></datafield>
<datafield tag="720" ind1="1" ind2=" ">
<subfield code="a">Cardoso, Maurício A.</subfield>
</datafield>
<datafield tag="720" ind1="1" ind2=" ">
<subfield code="a">Carnevali, Noeli</subfield>
<subfield code="u">Universidade de São Paulo. Faculdade de Medicina</subfield></datafield>
<datafield tag="720" ind1="1" ind2=" ">
<subfield code="a">Battistella, Linamara Rizzo</subfield>
<subfield code="u">Universidade de São Paulo. Faculdade de Medicina</subfield><subfield code="0">https://orcid.org/0000-0001-5275-0733</subfield></datafield>
<datafield tag="520" ind1=" " ind2=" ">
<subfield code="a"> O principal objetivo deste estudo foi analisar aspectos cardiorrespiratórios e metabólicos e as alterações provocadas pelo treinamento específico de dança em umgrupo de 16 bailarinos de balé profissional, modalidade clássico, sendo 8 mulheres e 8 homens, com média de idade de 18,2 ± 3,8 anos e 26,2 ± 4,5 anos, respectivamente. Todos foram submetidos a teste máximo em esteira rolante, utilizando-se o protocolo de Bruce. Foi utilizado, na análise das respostas respiratórias e metabólicas, um sistema computadorizado Metabolic Measurement Cart da Beckman. Os seguintes resultados foram obtidos entre o grupo de balé vs o grupo-controle (masculino): VO2 max. (46 ± 4 vs 43 ± 6 mLO2. kg-1. min-1). FC máx.(194 ± 12 vs 202 ± 11 bpm); VE máx. (112 ± 16 vs 123 ± 181.min-1); VO2-LA (35 ± 4 vs 26 ± 4 mLO2.kg-1.min-1 [p &lt; 0,01]); FC-LA (169 ± 18 vs 163 ± 15 bpm). Grupo de balé vs grupo-controle (feminino): VO2 máx. (39 ± 6 vs 35 ± 6 mLO2. kg-1-.min-1); FC máx. (197 ± 10 vs 201 ± 6 bpm); VE máx. (72 ± 9 vs 81 ± 61.min-1); VO2 -LA (26 ± 4 vs 27 ± 4 mLO2.kg-1.min-1); FC-LA (164 ± 10 vs 176 ± 17 bpm). Conclusões: 1) a rotina específica de dança parece não gerar estímulo suficiente para aprimorar a aptidão cardiorrespiratória e metabólica dos bailarinos, e 2) sugere-se condicionamento físico adicional ao treinamento de balé. </subfield>
</datafield>
<datafield tag="260" ind1=" " ind2=" ">
<subfield code="b">Faculdade de Medicina, Universidade de São Paulo</subfield>
</datafield>
<dataField tag="260" ind1=" " ind2=" ">
<subfield code="c">1998-12-09 00:00:00</subfield>
</dataField>   <datafield tag="856" ind1=" " ind2=" ">
<subfield code="q">application/pdf</subfield>
</datafield>
<datafield tag="856" ind1="4" ind2="0">
<subfield code="u">https://www.revistas.usp.br/actafisiatrica/article/view/102182</subfield>
</datafield>  <datafield tag="786" ind1="0" ind2=" ">
<subfield code="n">Acta Fisiátrica; v. 5 n. 3 (1998)</subfield>
</datafield>  <datafield tag="546" ind1=" " ind2=" ">
<subfield code="a">por</subfield>
</datafield>   <datafield tag="540" ind1=" " ind2=" ">
<subfield code="a">Copyright (c) 1998 Acta Fisiátrica</subfield>
</datafield>
</record>
</metadata>
</record>