
<record>
<header>
<identifier>oai:revistas.usp.br:article/102184</identifier>
<datestamp>2020-08-16T00:26:43Z</datestamp>
<setSpec>actafisiatrica:Art.+Orig.</setSpec>
<setSpec>driver</setSpec>
</header>
<metadata>
<record xmlns="http://www.loc.gov/MARC21/slim" xmlns:xsi="http://www.w3.org/2001/XMLSchema-instance" xsi:schemaLocation="http://www.loc.gov/MARC21/slim http://www.loc.gov/standards/marcxml/schema/MARC21slim.xsd">
<leader>     nmb a2200000Iu 4500</leader>
<controlfield tag="008">"981209 1998                        eng  "</controlfield>
<datafield tag="022" ind1="#" ind2="#">
<subfield code="$a">2317-0190</subfield>
</datafield>
<datafield tag="022" ind1="#" ind2="#">
<subfield code="$a">0104-7795</subfield>
</datafield>
<datafield tag="042" ind1=" " ind2=" ">
<subfield code="a">dc</subfield>
</datafield>
<datafield tag="245" ind1="0" ind2="0">
<subfield code="a">Comparação de duas “doses ideais” de alongamento</subfield>
</datafield>  <datafield tag="100" ind1="1" ind2=" ">
<subfield code="a">Grandi, Leonardo</subfield>
<subfield code="u">ssociação Brasileira Beneficente de Reabilitação - ABBR</subfield></datafield>
<datafield tag="520" ind1=" " ind2=" ">
<subfield code="a"> Apesar de sua grande utilização, os exercícios de alongamento têm sido muito pouco estudados no que diz respeito aos seus efeitos crônicos e ao número de repetições e a duração de cada repetição que deve ser utilizada em uma sessão. Com o objetivo de comparar duas “doses ideais” de alongamento (número e duração das repetições de um exercício) preconizadas em experimentos que utilizaram metodologia e amostras diferentes, foi feito um estudo tipo antes-depois com 8 indivíduos (seis homens, duas mulheres) com idades entre 22 e 33 anos. Inicialmente foi feita uma goniometria para mensuração da extensão máxima de cada joelho, com o quadril posicionado a 90º de flexão e, depois, a divisão da amostra em um grupo-controle com três indivíduos e um grupo teste de cinco indivíduos que realizou: no membro inferior esquerdo (MIE) 4 repetições de 18s de alongamento para a musculatura isquiotibial e no membro inferior direito (MID), 1 repetição de 30s. Após 3 semanas realizando esses exercícios 1 vez por semana, foram feitas novas goniometrias. Após análise utilizando o teste-t emparelhado, foi encontrado ganho significativo de arco de movimento (ADM) no grupo de MIEs (4 repetições de 18s) e no de MIDs (1 repetição de 30s) e não foi encontrado ganho nos membros inferiores do grupo-controle. Foram então comparados os ganhos de ADM dos grupos de MIEs e MIDs usando o teste-t simples e não foi evidenciada diferença significativa, o que sugere que as duas doses são igualmente eficazes para a musculatura isquiotibial. </subfield>
</datafield>
<datafield tag="260" ind1=" " ind2=" ">
<subfield code="b">Faculdade de Medicina, Universidade de São Paulo</subfield>
</datafield>
<dataField tag="260" ind1=" " ind2=" ">
<subfield code="c">1998-12-09 00:00:00</subfield>
</dataField>   <datafield tag="856" ind1=" " ind2=" ">
<subfield code="q">application/pdf</subfield>
</datafield>
<datafield tag="856" ind1="4" ind2="0">
<subfield code="u">https://www.revistas.usp.br/actafisiatrica/article/view/102184</subfield>
</datafield>  <datafield tag="786" ind1="0" ind2=" ">
<subfield code="n">Acta Fisiátrica; v. 5 n. 3 (1998)</subfield>
</datafield>  <datafield tag="546" ind1=" " ind2=" ">
<subfield code="a">por</subfield>
</datafield>   <datafield tag="540" ind1=" " ind2=" ">
<subfield code="a">Copyright (c) 1998 Acta Fisiátrica</subfield>
</datafield>
</record>
</metadata>
</record>