
<record>
<header>
<identifier>oai:revistas.usp.br:article/102185</identifier>
<datestamp>2020-07-31T22:45:01Z</datestamp>
<setSpec>actafisiatrica:Art.+Orig.</setSpec>
<setSpec>driver</setSpec>
</header>
<metadata>
<record xmlns="http://www.loc.gov/MARC21/slim" xmlns:xsi="http://www.w3.org/2001/XMLSchema-instance" xsi:schemaLocation="http://www.loc.gov/MARC21/slim http://www.loc.gov/standards/marcxml/schema/MARC21slim.xsd">
<leader>     nmb a2200000Iu 4500</leader>
<controlfield tag="008">"981209 1998                        eng  "</controlfield>
<datafield tag="022" ind1="#" ind2="#">
<subfield code="$a">2317-0190</subfield>
</datafield>
<datafield tag="022" ind1="#" ind2="#">
<subfield code="$a">0104-7795</subfield>
</datafield>
<datafield tag="042" ind1=" " ind2=" ">
<subfield code="a">dc</subfield>
</datafield>
<datafield tag="245" ind1="0" ind2="0">
<subfield code="a">Comparação clínica e funcional de pacientes com fibromialgia e dor miofascial</subfield>
</datafield>  <datafield tag="720" ind1="1" ind2=" ">
<subfield code="a">Martinez, José Eduardo</subfield>
<subfield code="u">Pontifícia Universidade Católica. Faculdade de Ciências Médicas de Sorocaba</subfield></datafield>
<datafield tag="720" ind1="1" ind2=" ">
<subfield code="a">Barauna Filho, Iulo Sergio</subfield>
<subfield code="u">Pontifícia Universidade Católica. Faculdade de Ciências Médicas de Sorocaba</subfield></datafield>
<datafield tag="720" ind1="1" ind2=" ">
<subfield code="a">Kubokawa, Karen</subfield>
<subfield code="u">Pontifícia Universidade Católica. Faculdade de Ciências Médicas de Sorocaba</subfield></datafield>
<datafield tag="720" ind1="1" ind2=" ">
<subfield code="a">Pedreira, Isabela</subfield>
<subfield code="u">Pontifícia Universidade Católica. Faculdade de Ciências Médicas de Sorocaba</subfield></datafield>
<datafield tag="720" ind1="1" ind2=" ">
<subfield code="a">Machado, Luciana Andrade de Matos</subfield>
<subfield code="u">Pontifícia Universidade Católica. Faculdade de Ciências Médicas de Sorocaba</subfield></datafield>
<datafield tag="720" ind1="1" ind2=" ">
<subfield code="a">Cevasco, Guilhermo</subfield>
<subfield code="u">Pontifícia Universidade Católica. Faculdade de Ciências Médicas de Sorocaba</subfield></datafield>
<datafield tag="520" ind1=" " ind2=" ">
<subfield code="a"> Objetivo: Estabelecer as diferenças e semelhanças entre mulheres com fibromialgia (FM) e mulheres com dor miofascial regional (DM) do ponto de vista clínico, funcional e qualidade de vida. Métodos: Estudo transversal de 26 mulheres que preencheram os critérios de classificação de fibromialgia da American College of Rheumatology e 18 mulheres com dor músculo-esquelética regional associada à pontosgatilho dolorosos na área afetada pela dor. Resultados: As pacientes com DM apresentavam dor nas seguintes regiões: coluna cervical, cintura escapular, cintura pélvica e ATM. Os parâmetros avaliados no grupo da FM mostraram os seguintes resultados: END – 7,7 (5 – 10); ENF – 6,8 (0 –10); nº de pontos dolorosos – 13,7 (11 – 17); HAQ – 1,26 (0,12 – 2,37); PSI – 81,29 (29 –110); BDI – 24 (0 – 60) e FIQ – 58,46 (33,0 – 80,71). No grupo da DM, observaram-se os seguintes resultados: END - 7,1 (2 – 10); ENF – 5,1 (0 – 10); nº de pontos dolorosos – 6,6 (1 - 8); HAQ – 0,68 (0 – 1,62); PSI – 64,62 (35 – 110); BDI – 18,5 (11 – 26) e FIQ – 43,55 (25,4 – 60,0). Conclusões: As semelhanças observadas entre pacientes com FM e DM são: dados demográficos, intensidade da dor e fadiga, presença de fatores desencadeantes e nível de atividade física. As diferenças observadas foram: escolaridade, capacidade funcional, qualidade do sono, intensidade da depressão e qualidade de vida. </subfield>
</datafield>
<datafield tag="260" ind1=" " ind2=" ">
<subfield code="b">Faculdade de Medicina, Universidade de São Paulo</subfield>
</datafield>
<dataField tag="260" ind1=" " ind2=" ">
<subfield code="c">1998-12-09 00:00:00</subfield>
</dataField>   <datafield tag="856" ind1=" " ind2=" ">
<subfield code="q">application/pdf</subfield>
</datafield>
<datafield tag="856" ind1="4" ind2="0">
<subfield code="u">https://www.revistas.usp.br/actafisiatrica/article/view/102185</subfield>
</datafield>  <datafield tag="786" ind1="0" ind2=" ">
<subfield code="n">Acta Fisiátrica; v. 5 n. 3 (1998)</subfield>
</datafield>  <datafield tag="546" ind1=" " ind2=" ">
<subfield code="a">por</subfield>
</datafield>   <datafield tag="540" ind1=" " ind2=" ">
<subfield code="a">Copyright (c) 1998 Acta Fisiátrica</subfield>
</datafield>
</record>
</metadata>
</record>