
<record>
<header>
<identifier>oai:revistas.usp.br:article/102186</identifier>
<datestamp>2020-07-31T22:45:04Z</datestamp>
<setSpec>actafisiatrica:Art.+Esp.</setSpec>
<setSpec>driver</setSpec>
</header>
<metadata>
<record xmlns="http://www.loc.gov/MARC21/slim" xmlns:xsi="http://www.w3.org/2001/XMLSchema-instance" xsi:schemaLocation="http://www.loc.gov/MARC21/slim http://www.loc.gov/standards/marcxml/schema/MARC21slim.xsd">
<leader>     nmb a2200000Iu 4500</leader>
<controlfield tag="008">"981209 1998                        eng  "</controlfield>
<datafield tag="022" ind1="#" ind2="#">
<subfield code="$a">2317-0190</subfield>
</datafield>
<datafield tag="022" ind1="#" ind2="#">
<subfield code="$a">0104-7795</subfield>
</datafield>
<datafield tag="042" ind1=" " ind2=" ">
<subfield code="a">dc</subfield>
</datafield>
<datafield tag="245" ind1="0" ind2="0">
<subfield code="a">Interdisciplinaridade: possibilidades e equívocos</subfield>
</datafield>  <datafield tag="100" ind1="1" ind2=" ">
<subfield code="a">Brinhosa, Mário César</subfield>
<subfield code="u">Universidade do Contestado - UnC</subfield></datafield>
<datafield tag="520" ind1=" " ind2=" ">
<subfield code="a"> O presente texto pretende situar a interdisciplinaridade como a possibilidade de um amplo questionamento do projeto histórico capitalista. Buscaremos pontuar, também, para a questão fundamental de se partir da clareza de como se produz conhecimento historicamente na direção de não confundir interdisciplinaridade com mais uma metodologia.     </subfield>
</datafield>
<datafield tag="260" ind1=" " ind2=" ">
<subfield code="b">Faculdade de Medicina, Universidade de São Paulo</subfield>
</datafield>
<dataField tag="260" ind1=" " ind2=" ">
<subfield code="c">1998-12-09 00:00:00</subfield>
</dataField>   <datafield tag="856" ind1=" " ind2=" ">
<subfield code="q">application/pdf</subfield>
</datafield>
<datafield tag="856" ind1="4" ind2="0">
<subfield code="u">https://www.revistas.usp.br/actafisiatrica/article/view/102186</subfield>
</datafield>  <datafield tag="786" ind1="0" ind2=" ">
<subfield code="n">Acta Fisiátrica; v. 5 n. 3 (1998)</subfield>
</datafield>  <datafield tag="546" ind1=" " ind2=" ">
<subfield code="a">por</subfield>
</datafield>   <datafield tag="540" ind1=" " ind2=" ">
<subfield code="a">Copyright (c) 1998 Acta Fisiátrica</subfield>
</datafield>
</record>
</metadata>
</record>