
<record>
<header>
<identifier>oai:revistas.usp.br:article/102188</identifier>
<datestamp>2020-07-31T22:45:10Z</datestamp>
<setSpec>actafisiatrica:Art.+Esp.</setSpec>
<setSpec>driver</setSpec>
</header>
<metadata>
<record xmlns="http://www.loc.gov/MARC21/slim" xmlns:xsi="http://www.w3.org/2001/XMLSchema-instance" xsi:schemaLocation="http://www.loc.gov/MARC21/slim http://www.loc.gov/standards/marcxml/schema/MARC21slim.xsd">
<leader>     nmb a2200000Iu 4500</leader>
<controlfield tag="008">"981209 1998                        eng  "</controlfield>
<datafield tag="022" ind1="#" ind2="#">
<subfield code="$a">2317-0190</subfield>
</datafield>
<datafield tag="022" ind1="#" ind2="#">
<subfield code="$a">0104-7795</subfield>
</datafield>
<datafield tag="042" ind1=" " ind2=" ">
<subfield code="a">dc</subfield>
</datafield>
<datafield tag="245" ind1="0" ind2="0">
<subfield code="a">History of rehabilitation medicine as a medical specialty in the Netherlands</subfield>
</datafield>  <datafield tag="100" ind1="1" ind2=" ">
<subfield code="a">Peek, William J</subfield>
<subfield code="u">International Federation of Physical and Rehabilitation Medicine</subfield></datafield>
<datafield tag="520" ind1=" " ind2=" ">
<subfield code="a"> In the Netherlands rehabilitation medicine is registered as a medical specialty since 1955. Like in many other countries, at the end of World War II and in the first years afterwards rather suddenly physical medicine and rehabilitation became an important part of medical cure and care and got much attention from military, governamental and medical authorities. </subfield>
</datafield>
<datafield tag="260" ind1=" " ind2=" ">
<subfield code="b">Faculdade de Medicina, Universidade de São Paulo</subfield>
</datafield>
<dataField tag="260" ind1=" " ind2=" ">
<subfield code="c">1998-12-09 00:00:00</subfield>
</dataField>   <datafield tag="856" ind1=" " ind2=" ">
<subfield code="q">application/pdf</subfield>
</datafield>
<datafield tag="856" ind1="4" ind2="0">
<subfield code="u">https://www.revistas.usp.br/actafisiatrica/article/view/102188</subfield>
</datafield>  <datafield tag="786" ind1="0" ind2=" ">
<subfield code="n">Acta Fisiátrica; v. 5 n. 3 (1998)</subfield>
</datafield>  <datafield tag="546" ind1=" " ind2=" ">
<subfield code="a">por</subfield>
</datafield>   <datafield tag="540" ind1=" " ind2=" ">
<subfield code="a">Copyright (c) 1998 Acta Fisiátrica</subfield>
</datafield>
</record>
</metadata>
</record>