
<record>
<header>
<identifier>oai:revistas.usp.br:article/102191</identifier>
<datestamp>2020-07-31T22:47:14Z</datestamp>
<setSpec>actafisiatrica:Art.+Orig.</setSpec>
<setSpec>driver</setSpec>
</header>
<metadata>
<record xmlns="http://www.loc.gov/MARC21/slim" xmlns:xsi="http://www.w3.org/2001/XMLSchema-instance" xsi:schemaLocation="http://www.loc.gov/MARC21/slim http://www.loc.gov/standards/marcxml/schema/MARC21slim.xsd">
<leader>     nmb a2200000Iu 4500</leader>
<controlfield tag="008">"990613 1999                        eng  "</controlfield>
<datafield tag="022" ind1="#" ind2="#">
<subfield code="$a">2317-0190</subfield>
</datafield>
<datafield tag="022" ind1="#" ind2="#">
<subfield code="$a">0104-7795</subfield>
</datafield>
<datafield tag="042" ind1=" " ind2=" ">
<subfield code="a">dc</subfield>
</datafield>
<datafield tag="245" ind1="0" ind2="0">
<subfield code="a">Um estudo sobre a satisfação sexual de pessoas portadoras de lesão medular</subfield>
</datafield>  <datafield tag="720" ind1="1" ind2=" ">
<subfield code="a">Alves, Andréa Santarelli</subfield>
<subfield code="u">Universidade de São Paulo. Faculdade de Medicina</subfield></datafield>
<datafield tag="720" ind1="1" ind2=" ">
<subfield code="a">Guedes, Maria Helena Delanesi</subfield>
<subfield code="u">Universidade de São Paulo. Faculdade de Medicina</subfield></datafield>
<datafield tag="720" ind1="1" ind2=" ">
<subfield code="a">Alves, Vera Lúcia Rodrigues</subfield>
<subfield code="u">Universidade de São Paulo. Faculdade de Medicina</subfield></datafield>
<datafield tag="520" ind1=" " ind2=" ">
<subfield code="a"> Este trabalho teve como objetivo buscar maiores conhecimentos a respeito da satisfação sexual das pessoas portadoras de lesão medular, cujos resultados poderão contribuir para a atuação profissional na reabilitação sexual. Sendo considerada um problema de saúde coletiva, a lesão medular requer esforços quanto a prevenção e cuidados de reabilitação. Indivíduos portadores de lesão medular podem apresentar distúrbios motores, sensitivos, autonômicos e na esfera emocional, em maior ou menor grau e, assim, a sexualidade, o ato sexual e a função sexual podem sofrer modificações variando a intensidade conforme o caso. Para estudar o assunto, foi realizada uma pesquisa de campo com pessoas portadoras de lesão medular que fazem ou fizeram programa de reabilitação na Divisão de Medicina de Reabilitação do Hospital das Clínicas da Faculdade de Medicina da Universidade de São Paulo, apresentando os seguintes resultados no tocante à satisfação sexual: 60% relataram estar sexualmente satisfeitas; 25% não souberam opinar e 15% declararam insatisfação. A maioria dos “satisfeitos” já passou pelo processo de reabilitação, enquanto, dentre os “insatisfeitos” e os que “não souberam opinar”, a maioria encontra-se em tempo médio de reabilitação (cerca de 1 ano). Foi possível concluir que, assim como a reabilitação física, a reabilitação sexual também é um processo que se compõe de várias fases, podendo conduzir a uma efetiva readaptação sexual, de acordo com a elaboração e a transposição dessas fases. </subfield>
</datafield>
<datafield tag="260" ind1=" " ind2=" ">
<subfield code="b">Faculdade de Medicina, Universidade de São Paulo</subfield>
</datafield>
<dataField tag="260" ind1=" " ind2=" ">
<subfield code="c">1999-06-13 00:00:00</subfield>
</dataField>   <datafield tag="856" ind1=" " ind2=" ">
<subfield code="q">application/pdf</subfield>
</datafield>
<datafield tag="856" ind1="4" ind2="0">
<subfield code="u">https://www.revistas.usp.br/actafisiatrica/article/view/102191</subfield>
</datafield>  <datafield tag="786" ind1="0" ind2=" ">
<subfield code="n">Acta Fisiátrica; v. 6 n. 1 (1999)</subfield>
</datafield>  <datafield tag="546" ind1=" " ind2=" ">
<subfield code="a">por</subfield>
</datafield>   <datafield tag="540" ind1=" " ind2=" ">
<subfield code="a">Copyright (c) 1999 Acta Fisiátrica</subfield>
</datafield>
</record>
</metadata>
</record>