
<record>
<header>
<identifier>oai:revistas.usp.br:article/102193</identifier>
<datestamp>2020-07-31T22:47:22Z</datestamp>
<setSpec>actafisiatrica:Art.+Orig.</setSpec>
<setSpec>driver</setSpec>
</header>
<metadata>
<record xmlns="http://www.loc.gov/MARC21/slim" xmlns:xsi="http://www.w3.org/2001/XMLSchema-instance" xsi:schemaLocation="http://www.loc.gov/MARC21/slim http://www.loc.gov/standards/marcxml/schema/MARC21slim.xsd">
<leader>     nmb a2200000Iu 4500</leader>
<controlfield tag="008">"990613 1999                        eng  "</controlfield>
<datafield tag="022" ind1="#" ind2="#">
<subfield code="$a">2317-0190</subfield>
</datafield>
<datafield tag="022" ind1="#" ind2="#">
<subfield code="$a">0104-7795</subfield>
</datafield>
<datafield tag="042" ind1=" " ind2=" ">
<subfield code="a">dc</subfield>
</datafield>
<datafield tag="245" ind1="0" ind2="0">
<subfield code="a">Índices de aptidão funcional em jogadores de futebol da Seleção Nacional da Jamaica</subfield>
</datafield>  <datafield tag="720" ind1="1" ind2=" ">
<subfield code="a">Silva, Paulo Roberto Santos</subfield>
<subfield code="u">Associação Portuguesa de Desportos</subfield></datafield>
<datafield tag="720" ind1="1" ind2=" ">
<subfield code="a">Roxo, Carla Dal Maso Nunes</subfield>
<subfield code="u">Associação Portuguesa de Desportos</subfield></datafield>
<datafield tag="720" ind1="1" ind2=" ">
<subfield code="a">Visconti, Ana Maria</subfield>
<subfield code="u">Associação Portuguesa de Desportos</subfield></datafield>
<datafield tag="720" ind1="1" ind2=" ">
<subfield code="a">Teixeira, Alberto Alves de Azevedo</subfield>
<subfield code="u">Associação Portuguesa de Desportos</subfield></datafield>
<datafield tag="720" ind1="1" ind2=" ">
<subfield code="a">Rosa, Albertina Fontana</subfield>
<subfield code="u">Associação Portuguesa de Desportos</subfield></datafield>
<datafield tag="720" ind1="1" ind2=" ">
<subfield code="a">Firmino, Mauro Theodoro</subfield>
<subfield code="u">Associação Portuguesa de Desportos</subfield></datafield>
<datafield tag="720" ind1="1" ind2=" ">
<subfield code="a">Tavares, Emídio Valenti</subfield>
<subfield code="u">Associação Portuguesa de Desportos</subfield></datafield>
<datafield tag="720" ind1="1" ind2=" ">
<subfield code="a">Simões, Renê</subfield>
<subfield code="u">Associação Portuguesa de Desportos</subfield></datafield>
<datafield tag="720" ind1="1" ind2=" ">
<subfield code="a">Montesso, Alfredo</subfield>
<subfield code="u">Associação Portuguesa de Desportos</subfield></datafield>
<datafield tag="720" ind1="1" ind2=" ">
<subfield code="a">Gama, Walter</subfield>
<subfield code="u">Associação Portuguesa de Desportos</subfield></datafield>
<datafield tag="720" ind1="1" ind2=" ">
<subfield code="a">Nichols, Denise</subfield>
<subfield code="u">Associação Portuguesa de Desportos</subfield></datafield>
<datafield tag="720" ind1="1" ind2=" ">
<subfield code="a">Monteiro, José Carlos Simões</subfield>
<subfield code="u">Associação Portuguesa de Desportos</subfield></datafield>
<datafield tag="720" ind1="1" ind2=" ">
<subfield code="a">Sousa, Jorge Mendes de</subfield>
<subfield code="u">Associação Portuguesa de Desportos</subfield></datafield>
<datafield tag="520" ind1=" " ind2=" ">
<subfield code="a"> O principal objetivo deste estudo foi mostrar alguns índices de aptidão funcional, em 24 jogadores de futebol da Seleção Nacional da Jamaica, com média de idade de 23,9 ± 3,7 anos, equipe pré-classificada para a Copa do Mundo da França. Todos os atletas foram submetidos a uma bateria de testes que constou de: 1) avaliação da potência, resistência muscular e índice de fadiga no teste de Wingate, realizado numa bicicleta computadorizada da marca (Cybex), modelo (Bike); 2) teste isocinético computadorizado de membros inferiores no equipamento da marca (Cybex), modelo (1200); 3) avaliação da flexibilidade pelo teste de Wells &amp; Dillon; 4) exames laboratoriais e 5) avaliação odontológica, que foi realizada por meio de exames clínicos num consultório da marca Funk, modelo MLXPlus. Os seguintes parâmetros e os resultados encontrados foram: Wingate: potência pico corrigida pelo peso = 11,8 ± 1,8 w.kg-1; potência média = 9,1 ± 1,2 w.kg-1; índice de fadiga = 46,2 ± 15,2 %; flexibilidade = 19,8 ± 4,6 cm; exames laboratoriais: urina tipo I; fezes; hemoglobina = 14,3 ± 1,0 g%; ferro = 104 ± 29 ng/dl; ferritina = 81,8 ± 41,7 ug/dl; transferrina = 502,5 ± 113,5 ug/dl; hematócrito =43,5 ± 2,9%; eritrócitos = 4,95 ± 0,40 milhões/m3; glicose = 91,0 ± 8,5 mg/dl; avaliação odontológica: tártaro em 5 (21%); cáries em 24 (100%); gengivites em 10 (42%); endodontia em 3 (12,5%); pulpites em 1 (4%); diastema em 2 (8%); heterotópicos em 13 (54%); extrações realizadas em 14 (58%); extrações não-realizadas em 4 (17%); obturações em 4 (17%); próteses em 16 (67%) e a profilaxia estava sendo feita em 17 (71%) dos atletas examinados; desempenho isocinético: torque de MMII direito a 60° S-1 na extensão = 290,4 ± 95,6 Nm; na flexão = 216,1 ± 31,4 Nm; torque de MMII esquerdo a 60° S-1 na extensão = 291,6 ± 62,5 Nm; na flexão = 205,8 ± 35,8 Nm. Conclusão: apesar da falta de estrutura tecnológica do futebol jamaicano, os resultados demonstraram que os índices de aptidão funcional dos futebolistas avaliados, neste estudo, foram semelhantes aos de jogadores verificados em nosso Centro de Medicina Integrada. </subfield>
</datafield>
<datafield tag="260" ind1=" " ind2=" ">
<subfield code="b">Faculdade de Medicina, Universidade de São Paulo</subfield>
</datafield>
<dataField tag="260" ind1=" " ind2=" ">
<subfield code="c">1999-06-13 00:00:00</subfield>
</dataField>   <datafield tag="856" ind1=" " ind2=" ">
<subfield code="q">application/pdf</subfield>
</datafield>
<datafield tag="856" ind1="4" ind2="0">
<subfield code="u">https://www.revistas.usp.br/actafisiatrica/article/view/102193</subfield>
</datafield>  <datafield tag="786" ind1="0" ind2=" ">
<subfield code="n">Acta Fisiátrica; v. 6 n. 1 (1999)</subfield>
</datafield>  <datafield tag="546" ind1=" " ind2=" ">
<subfield code="a">por</subfield>
</datafield>   <datafield tag="540" ind1=" " ind2=" ">
<subfield code="a">Copyright (c) 1999 Acta Fisiátrica</subfield>
</datafield>
</record>
</metadata>
</record>