
<record>
<header>
<identifier>oai:revistas.usp.br:article/102194</identifier>
<datestamp>2020-07-31T22:47:40Z</datestamp>
<setSpec>actafisiatrica:Art.+Orig.</setSpec>
<setSpec>driver</setSpec>
</header>
<metadata>
<record xmlns="http://www.loc.gov/MARC21/slim" xmlns:xsi="http://www.w3.org/2001/XMLSchema-instance" xsi:schemaLocation="http://www.loc.gov/MARC21/slim http://www.loc.gov/standards/marcxml/schema/MARC21slim.xsd">
<leader>     nmb a2200000Iu 4500</leader>
<controlfield tag="008">"990613 1999                        eng  "</controlfield>
<datafield tag="022" ind1="#" ind2="#">
<subfield code="$a">2317-0190</subfield>
</datafield>
<datafield tag="022" ind1="#" ind2="#">
<subfield code="$a">0104-7795</subfield>
</datafield>
<datafield tag="042" ind1=" " ind2=" ">
<subfield code="a">dc</subfield>
</datafield>
<datafield tag="245" ind1="0" ind2="0">
<subfield code="a">Adaptação de longo prazo ao treinamento cíclico induzido eletricamente em indivíduos com severa lesão na medula espinhal</subfield>
</datafield>  <datafield tag="720" ind1="1" ind2=" ">
<subfield code="a">Mohr, Thomas</subfield>
<subfield code="u">University of Copenhagen</subfield></datafield>
<datafield tag="720" ind1="1" ind2=" ">
<subfield code="a">Andersen, Jesper L.</subfield>
<subfield code="u">University of Copenhagen</subfield></datafield>
<datafield tag="720" ind1="1" ind2=" ">
<subfield code="a">Biering-Sorensen, Fin</subfield>
<subfield code="u">University of Copenhagen</subfield></datafield>
<datafield tag="720" ind1="1" ind2=" ">
<subfield code="a">Galbo, Henrik</subfield>
<subfield code="u">University of Copenhagen</subfield></datafield>
<datafield tag="720" ind1="1" ind2=" ">
<subfield code="a">Bangsbo, Jens</subfield>
<subfield code="u">University of Copenhagen</subfield></datafield>
<datafield tag="720" ind1="1" ind2=" ">
<subfield code="a">Wagner, Aase</subfield>
<subfield code="u">University of Copenhagen</subfield></datafield>
<datafield tag="720" ind1="1" ind2=" ">
<subfield code="a">Kjaer, Michael</subfield>
<subfield code="u">University of Copenhagen</subfield></datafield>
<datafield tag="520" ind1=" " ind2=" ">
<subfield code="a"> Indivíduos com lesão da medula espinhal (LME) mais freqüentemente adquirem essa condição na juventude e são relegados a uma vida de maior ou menor inatividade física. Em adição às implicações primárias da LME, indivíduos com LME severa são estigmatizados e relegados a uma condição de vida física inativa. É desconhecido se essas condições relatadas são potencialmente reversíveis e o objetivo do presente estudo foi, portanto, examinar os efeitos do exercício em indivíduos com LME. Então, 10 indivíduos (6 com tetraplegia e 4 com paraplegia; idade de 27 a 45 anos; tempo de lesão de 3 a 23 anos) foram treinados por 1 ano em cicloergometria com estimulação elétrica controlada por feedback. Eles treinaram 3 vezes por semana (média 2,3 vezes), 30 minutos em cada sessão. Os músculos glúteos, isquiotibiais e quadríceps foram estimulados por eletrodos colocados na superfície da pele sobre seus pontos motores. Durante o primeiro treino, uma variação substancial na performance foi observada entre os pacientes. A maioria dos indivíduos foi capaz de realizar o exercício por 30 minutos na primeira sessão, mas dois indivíduos foram capazes de realizar o exercício por apenas poucos minutos. Depois do treino de 1 ano, todos os indivíduos foram capazes de realizar 30 minutos contínuos de treino e o trabalho produzido teve aumento de 4 ± 1 (média de “erro-padrão” EP) para 17 ± 2 kJ por sessão de treino (P &lt; 0,05). A taxa de captação máxima de O2 durante o exercício com estimulação elétrica aumentou de 1,20 ± 0,08 l/min, mensurada depois de poucas semanas de exercício, para 1,43 ± 0,09 l/min após 1 ano de treinamento (P &lt; 0,05). Imagens de corte com ressonância magnética foram feitas na coxa para avaliar a massa muscular, que teve um aumento de 12% (média, P &lt; 0,05) em 1 ano de treinamento. Em biópsias feitas antes do exercício, vários estados de atrofia foram observados nas fibras musculares dos indivíduos, um fenômeno que foi parcialmente normalizado em todos os pacientes depois do treinamento. É sabido que a distribuição do tipo de fibra no músculo esquelético é alterada para fibras do tipo II B (contração rápida, rapidamente fatigável, glicolíticas) dentro dos primeiros 2 anos após a lesão medular. Nessa avaliação, os músculos continham 63% de miosina de cadeia pesada (MHC) isoforme II B, 33% de MHC isoforme II A (contração rápida e resistentes à fadiga) e menos de 5% de MHC isoforme I (fibras de contração lenta) antes do treinamento. Uma transformação para obterem-se fibras com proteínas contráteis mais resistentes à fadiga foi encontrada após 1 ano de treinamento. A porcentagem de MHC isoforme II A aumentou para 61% do total de proteínas contráteis e houve uma diminuição de 32% nas fibras rapidamente fatigáveis do tipo MHC isoforme II, enquanto as MHC isoformes I somente compunham 7% da quantidade total de MHC. Essa alteração foi acompanhada de um aumento de 100% na atividade enzimática da citrato sintetase, como um indicador da capacidade oxidativa mitocondrial. Conclui-se que as alterações na performance, nesse exercício e nas características do músculo esquelético, associadas à inatividade que ocorre em indivíduos com LME, são reversíveis, mesmo até 20 anos após a lesão. Sucede que o treino com exercícios induzidos por estimulação elétrica dos músculos paralisados é uma efetiva ferramenta de reabilitação que deveria ser oferecida aos indivíduos com LME no futuro. </subfield>
</datafield>
<datafield tag="260" ind1=" " ind2=" ">
<subfield code="b">Faculdade de Medicina, Universidade de São Paulo</subfield>
</datafield>
<dataField tag="260" ind1=" " ind2=" ">
<subfield code="c">1999-06-13 00:00:00</subfield>
</dataField>   <datafield tag="856" ind1=" " ind2=" ">
<subfield code="q">application/pdf</subfield>
</datafield>
<datafield tag="856" ind1="4" ind2="0">
<subfield code="u">https://www.revistas.usp.br/actafisiatrica/article/view/102194</subfield>
</datafield>  <datafield tag="786" ind1="0" ind2=" ">
<subfield code="n">Acta Fisiátrica; v. 6 n. 1 (1999)</subfield>
</datafield>  <datafield tag="546" ind1=" " ind2=" ">
<subfield code="a">por</subfield>
</datafield>   <datafield tag="540" ind1=" " ind2=" ">
<subfield code="a">Copyright (c) 1999 Acta Fisiátrica</subfield>
</datafield>
</record>
</metadata>
</record>