
<record>
<header>
<identifier>oai:revistas.usp.br:article/102195</identifier>
<datestamp>2020-07-31T22:47:30Z</datestamp>
<setSpec>actafisiatrica:Art.+Orig.</setSpec>
<setSpec>driver</setSpec>
</header>
<metadata>
<record xmlns="http://www.loc.gov/MARC21/slim" xmlns:xsi="http://www.w3.org/2001/XMLSchema-instance" xsi:schemaLocation="http://www.loc.gov/MARC21/slim http://www.loc.gov/standards/marcxml/schema/MARC21slim.xsd">
<leader>     nmb a2200000Iu 4500</leader>
<controlfield tag="008">"990613 1999                        eng  "</controlfield>
<datafield tag="022" ind1="#" ind2="#">
<subfield code="$a">2317-0190</subfield>
</datafield>
<datafield tag="022" ind1="#" ind2="#">
<subfield code="$a">0104-7795</subfield>
</datafield>
<datafield tag="042" ind1=" " ind2=" ">
<subfield code="a">dc</subfield>
</datafield>
<datafield tag="245" ind1="0" ind2="0">
<subfield code="a">Avaliação isocinética de rotadores externos e internos do ombro de atletas sobre cadeira de rodas e indivíduos sedentários – estudo comparativo</subfield>
</datafield>  <datafield tag="720" ind1="1" ind2=" ">
<subfield code="a">Fernandes, Thamar de Bruyn Ferraz</subfield>
<subfield code="u">Universidade de São Paulo. Faculdade de Medicina</subfield></datafield>
<datafield tag="720" ind1="1" ind2=" ">
<subfield code="a">Shinzato, Gilson Tanaka</subfield>
<subfield code="u">Universidade de São Paulo. Faculdade de Medicina</subfield><subfield code="0">https://orcid.org/0000-0002-1462-7096</subfield></datafield>
<datafield tag="520" ind1=" " ind2=" ">
<subfield code="a"> O efeito do desequilibrio muscular na performance e na gênese de lesões em atletas vem adquirindo interesse crescente. Esse desequilíbrio muscular tem sido identificado como ocorrência comum e induzido pelo treino. Recentemente, tem-se sugerido que esse causaria o aumento do risco de lesões nos atletas. Há muitas pesquisas a esse respeito na literatura direcionada são joelho. Pouco se tem a respeito do ombro, alvo de lesões freqüentesem esportistas . Os poucos trabalhos que se tem a esse respeito constam de estudos isocinéticos em atletas de beisebol, natação, tênis e pólo aquático. Esses demonstram alterações importantes no equilíbrio muscular dos ombros dos atletas estudados quando comparados a grupos-controle, em especial o fortalecimento excessivo de rotadores internos em relação a rotadores externos e de adutores em relação a abdutores. O possível papel desse desequilíbrio muscular no desenvolvimento de dores, tendinites, síndromes do impacto e subluxações anteriores tem sido sugerido e estudado. </subfield>
</datafield>
<datafield tag="260" ind1=" " ind2=" ">
<subfield code="b">Faculdade de Medicina, Universidade de São Paulo</subfield>
</datafield>
<dataField tag="260" ind1=" " ind2=" ">
<subfield code="c">1999-06-13 00:00:00</subfield>
</dataField>   <datafield tag="856" ind1=" " ind2=" ">
<subfield code="q">application/pdf</subfield>
</datafield>
<datafield tag="856" ind1="4" ind2="0">
<subfield code="u">https://www.revistas.usp.br/actafisiatrica/article/view/102195</subfield>
</datafield>  <datafield tag="786" ind1="0" ind2=" ">
<subfield code="n">Acta Fisiátrica; v. 6 n. 1 (1999)</subfield>
</datafield>  <datafield tag="546" ind1=" " ind2=" ">
<subfield code="a">por</subfield>
</datafield>   <datafield tag="540" ind1=" " ind2=" ">
<subfield code="a">Copyright (c) 1999 Acta Fisiátrica</subfield>
</datafield>
</record>
</metadata>
</record>