
<record>
<header>
<identifier>oai:revistas.usp.br:article/102244</identifier>
<datestamp>2020-07-31T22:50:40Z</datestamp>
<setSpec>actafisiatrica:Art.+Orig.</setSpec>
<setSpec>driver</setSpec>
</header>
<metadata>
<record xmlns="http://www.loc.gov/MARC21/slim" xmlns:xsi="http://www.w3.org/2001/XMLSchema-instance" xsi:schemaLocation="http://www.loc.gov/MARC21/slim http://www.loc.gov/standards/marcxml/schema/MARC21slim.xsd">
<leader>     nmb a2200000Iu 4500</leader>
<controlfield tag="008">"991209 1999                        eng  "</controlfield>
<datafield tag="022" ind1="#" ind2="#">
<subfield code="$a">2317-0190</subfield>
</datafield>
<datafield tag="022" ind1="#" ind2="#">
<subfield code="$a">0104-7795</subfield>
</datafield>
<datafield tag="042" ind1=" " ind2=" ">
<subfield code="a">dc</subfield>
</datafield>
<datafield tag="245" ind1="0" ind2="0">
<subfield code="a">Efeito da fisioterapia respiratória convencional e da manobra de aspiração na resistência do sistema respiratório e na saturação de O2 em pacientes submetidos à ventilação mecânica</subfield>
</datafield>  <datafield tag="720" ind1="1" ind2=" ">
<subfield code="a">Ruiz, Viviane Christina</subfield>
<subfield code="u">Universidade Estadual Paulista. Faculdade de Medicina de Botucatu</subfield></datafield>
<datafield tag="720" ind1="1" ind2=" ">
<subfield code="a">Oliveira, Letícia Cláudia de</subfield>
<subfield code="u">Universidade Estadual Paulista. Faculdade de Medicina de Botucatu</subfield></datafield>
<datafield tag="720" ind1="1" ind2=" ">
<subfield code="a">Borges, Fabíola</subfield>
<subfield code="u">Universidade Estadual Paulista. Faculdade de Medicina de Botucatu</subfield></datafield>
<datafield tag="720" ind1="1" ind2=" ">
<subfield code="a">Crocci, Adalberto José</subfield>
<subfield code="u">Universidade Estadual Paulista. Departamento de Bioestatística do Instituto de Biociências</subfield></datafield>
<datafield tag="720" ind1="1" ind2=" ">
<subfield code="a">Rugolo, Ligia Maria Suppo Souza</subfield>
<subfield code="u">Universidade Estadual Paulista. Faculdade de Medicina de Botucatu</subfield></datafield>
<datafield tag="520" ind1=" " ind2=" ">
<subfield code="a"> Os primeiros relatos dos benefícios da drenagem postural no tratamento das bronquiectasias datam do início do século XX. Desde então, numerosos trabalhos têm sido publicados sobre indicações, técnicas, riscos e benefícios da fisioterapia respiratória. Entretanto, não tem sido avaliado comparativamente os efeitos da fisioterapia respiratória convencional (drenagem postural, percussão e aspiração) e da manobra de aspiração sobre a resistência do sistema respiratório, e sobre a saturação de O2 (SpO2), motivo pelo qual foi proposto neste estudo a avaliação dos efeitos da FRC e da manobra de aspiração isoladamente nos valores da resistência e SpO2. Foram investigados doze pacientes, idade média de 58 anos, internados na UTI do HC FMB– UNESP, com insuficiência respiratória em ventilação mecânica. Durante quatro dias, os pacientes foram submetidos de forma alternada a sessões de aspiração isoladamente e de FRC, documentando-se imediatamente antes e após cada procedimento os valores da resistência e da SpO2. Observou-se que houve uma diminuição significativa (p &lt; 0,05) da resistência em todos os dias quando se utilizou a FRC. Quando o método utilizado foi o de aspiração, não houve significância estatística (p &gt; 0,05). Os valores da SpO2 não se alteraram com o uso da FRC e da aspiração. Esses resultados demonstraram que a FRC é benéfica na melhoria da resistência do sistema respiratório. </subfield>
</datafield>
<datafield tag="260" ind1=" " ind2=" ">
<subfield code="b">Faculdade de Medicina, Universidade de São Paulo</subfield>
</datafield>
<dataField tag="260" ind1=" " ind2=" ">
<subfield code="c">1999-12-09 00:00:00</subfield>
</dataField>   <datafield tag="856" ind1=" " ind2=" ">
<subfield code="q">application/pdf</subfield>
</datafield>
<datafield tag="856" ind1="4" ind2="0">
<subfield code="u">https://www.revistas.usp.br/actafisiatrica/article/view/102244</subfield>
</datafield>  <datafield tag="786" ind1="0" ind2=" ">
<subfield code="n">Acta Fisiátrica; v. 6 n. 2 (1999)</subfield>
</datafield>  <datafield tag="546" ind1=" " ind2=" ">
<subfield code="a">por</subfield>
</datafield>   <datafield tag="540" ind1=" " ind2=" ">
<subfield code="a">Copyright (c) 1999 Acta Fisiátrica</subfield>
</datafield>
</record>
</metadata>
</record>