
<record>
<header>
<identifier>oai:revistas.usp.br:article/102245</identifier>
<datestamp>2020-07-31T22:51:48Z</datestamp>
<setSpec>actafisiatrica:Art.+Orig.</setSpec>
<setSpec>driver</setSpec>
</header>
<metadata>
<record xmlns="http://www.loc.gov/MARC21/slim" xmlns:xsi="http://www.w3.org/2001/XMLSchema-instance" xsi:schemaLocation="http://www.loc.gov/MARC21/slim http://www.loc.gov/standards/marcxml/schema/MARC21slim.xsd">
<leader>     nmb a2200000Iu 4500</leader>
<controlfield tag="008">"991209 1999                        eng  "</controlfield>
<datafield tag="022" ind1="#" ind2="#">
<subfield code="$a">2317-0190</subfield>
</datafield>
<datafield tag="022" ind1="#" ind2="#">
<subfield code="$a">0104-7795</subfield>
</datafield>
<datafield tag="042" ind1=" " ind2=" ">
<subfield code="a">dc</subfield>
</datafield>
<datafield tag="245" ind1="0" ind2="0">
<subfield code="a">Estudo descritivo sobre a importância da avaliação funcional como procedimento prévio no controle fisiológico do treinamento físico de futebolistas realizado em pré-temporada</subfield>
</datafield>  <datafield tag="720" ind1="1" ind2=" ">
<subfield code="a">Teixeira, Alberto Azevedo Alves</subfield>
<subfield code="u">Associação Portuguesa de Desportos</subfield></datafield>
<datafield tag="720" ind1="1" ind2=" ">
<subfield code="a">Silva, Paulo Roberto Santos</subfield>
<subfield code="u">Associação Portuguesa de Desportos</subfield></datafield>
<datafield tag="720" ind1="1" ind2=" ">
<subfield code="a">Inarra, Luís Antonio</subfield>
<subfield code="u">Associação Portuguesa de Desportos</subfield></datafield>
<datafield tag="720" ind1="1" ind2=" ">
<subfield code="a">Vidal, José Roberto Rivelino</subfield>
<subfield code="u">Associação Portuguesa de Desportos</subfield></datafield>
<datafield tag="720" ind1="1" ind2=" ">
<subfield code="a">Lépera, Cláudio</subfield>
<subfield code="u">Associação Portuguesa de Desportos</subfield></datafield>
<datafield tag="720" ind1="1" ind2=" ">
<subfield code="a">Machado, Gilberto Silva</subfield>
<subfield code="u">Associação Portuguesa de Desportos</subfield></datafield>
<datafield tag="720" ind1="1" ind2=" ">
<subfield code="a">Rebello, Luciana Collet Winther</subfield>
<subfield code="u">Associação Portuguesa de Desportos</subfield></datafield>
<datafield tag="720" ind1="1" ind2=" ">
<subfield code="a">Prima, Luís Carlos</subfield>
<subfield code="u">Associação Portuguesa de Desportos</subfield></datafield>
<datafield tag="720" ind1="1" ind2=" ">
<subfield code="a">Zagallo, Mário Jorge Lobo</subfield>
<subfield code="u">Associação Portuguesa de Desportos</subfield></datafield>
<datafield tag="720" ind1="1" ind2=" ">
<subfield code="a">Sousa, Jorge Mendes de</subfield>
<subfield code="u">Associação Portuguesa de Desportos</subfield></datafield>
<datafield tag="520" ind1=" " ind2=" ">
<subfield code="a"> O principal objetivo deste estudo foi mostrar a importância da avaliação funcional como procedimento utilizado no controle fisiológico do treinamento físico de futebolistas profissionais em pré-temporada. Foram avaliados e posteriormente concentrados na cidade de Águas de Lindóia, Estado de São Paulo, por 16 dias, 23 jogadores pertencentes ao Departamento de Futebol Profissional da Associação Portuguesa de Desportos, em preparação para o Campeonato Paulista, edição 1999. Todos foram submetidos a uma bateria de testes que constou de avaliação cardiorrespiratória e metabólica, odontológica, isocinética de membros inferiores, porcentagem de gordura corpórea, da potência anaeróbia pelo teste de Wingate e testes de campo. Os seguintes resultados e os parâmetros avaliados foram: no limiar ventilatório 2 (LV 2): VO2 = 49,09 ± 4,83 mL.kg-1.min-1; %VO2 = 82,7 ± 5,8; velocidade de corrida = 12,8 ± 0,9 km.h-1; FC = 174 ± 9 bpm; no exercício máximo: VE BTPS = 137,3 ± 11,3 L.min-1; velocidade de corrida = 17,6 ± 0,7 km.h-1; FC = (191 ± 8 bpm); VO2pico = 59,28 ± 3,52 mL.kg-1.min-1; Lactato = 10,5 ± 1,5 mM. Teste de Wingate: potência pico = 13,5 ± 1,1 w.kg-1; potência média = 10,1 ± 0,6 w.kg-1; índice de fadiga = 53,0 ± 7,7 %. Teste Isocinético: velocidade angular da articulação do joelho da perna direita na extensão e flexão a 60°S-1 = 298 ± 72 e 198 ± 44 Nm, respectivamente; a 300°S-1 extensão e flexão = 137 ± 32 e 121 ± 26 Nm, respectivamente. Velocidade angular da articulação do joelho da perna esquerda na extensão e flexão a 60°S-1 = 272 ± 62 e 185 ± 45 Nm, respectivamente; a 300°S-1 extensão e flexão = 138 ± 28 e 122 ± 27 Nm, respectivamente. A intensidade dos treinamentos aeróbio e anaeróbio foi controlada em campo por medidas de lactato, utilizando-se lactômetro portátil. O treinamento de musculação foi realizado a 60% da carga máxima para cada exercício. Os exercícios de alongamento e na piscina (hidroginástica) foram exaustivamente realizados pelos jogadores. Em média, cada sessão (manhã e tarde) durou 120 minutos. Portanto, pelo pouco tempo destinado a essa fase de preparação, a importância da avaliação funcional multidisciplinar, justifica-se ainda mais, pois, a partir dos resultados, é possível detectar e corrigir possíveis deficiências, direcionando com objetividade o treinamento dos futebolistas. </subfield>
</datafield>
<datafield tag="260" ind1=" " ind2=" ">
<subfield code="b">Faculdade de Medicina, Universidade de São Paulo</subfield>
</datafield>
<dataField tag="260" ind1=" " ind2=" ">
<subfield code="c">1999-12-09 00:00:00</subfield>
</dataField>   <datafield tag="856" ind1=" " ind2=" ">
<subfield code="q">application/pdf</subfield>
</datafield>
<datafield tag="856" ind1="4" ind2="0">
<subfield code="u">https://www.revistas.usp.br/actafisiatrica/article/view/102245</subfield>
</datafield>  <datafield tag="786" ind1="0" ind2=" ">
<subfield code="n">Acta Fisiátrica; v. 6 n. 2 (1999)</subfield>
</datafield>  <datafield tag="546" ind1=" " ind2=" ">
<subfield code="a">por</subfield>
</datafield>   <datafield tag="540" ind1=" " ind2=" ">
<subfield code="a">Copyright (c) 1999 Acta Fisiátrica</subfield>
</datafield>
</record>
</metadata>
</record>