
<record>
<header>
<identifier>oai:revistas.usp.br:article/102246</identifier>
<datestamp>2020-07-31T22:50:48Z</datestamp>
<setSpec>actafisiatrica:Art.+Rev.+Aval.</setSpec>
<setSpec>driver</setSpec>
</header>
<metadata>
<record xmlns="http://www.loc.gov/MARC21/slim" xmlns:xsi="http://www.w3.org/2001/XMLSchema-instance" xsi:schemaLocation="http://www.loc.gov/MARC21/slim http://www.loc.gov/standards/marcxml/schema/MARC21slim.xsd">
<leader>     nmb a2200000Iu 4500</leader>
<controlfield tag="008">"991209 1999                        eng  "</controlfield>
<datafield tag="022" ind1="#" ind2="#">
<subfield code="$a">2317-0190</subfield>
</datafield>
<datafield tag="022" ind1="#" ind2="#">
<subfield code="$a">0104-7795</subfield>
</datafield>
<datafield tag="042" ind1=" " ind2=" ">
<subfield code="a">dc</subfield>
</datafield>
<datafield tag="245" ind1="0" ind2="0">
<subfield code="a">Melorreostose em reabilitação</subfield>
</datafield>  <datafield tag="100" ind1="1" ind2=" ">
<subfield code="a">Nucera, Paulo Roberto</subfield>
<subfield code="u">Associação Brasileira Beneficente de Reabilitação - ABBR</subfield></datafield>
<datafield tag="520" ind1=" " ind2=" ">
<subfield code="a"> A melorreostose é uma patologia rara, caracterizada por uma hiperostose linear do córtex, de etiologia desconhecida, podendo afetar qualquer estrutura óssea do organismo, sendo mais comum nos ossos longos. A melorreostose espinhal e craniana necessitando de intervenção neurocirúrgica é pouco freqüente, podendo causar lesões neurológicas. Dependendo do local acometido e da agressividade da doença, alguns pacientes necessitarão do tratamento fisiátrico, uma vez que as fraturas patológicas dos ossos poderão causar perdas graves quanto à capacidade funcional, tornando a medicina de reabilitação fundamental na melhoria da qualidade de vida desses pacientes. </subfield>
</datafield>
<datafield tag="260" ind1=" " ind2=" ">
<subfield code="b">Faculdade de Medicina, Universidade de São Paulo</subfield>
</datafield>
<dataField tag="260" ind1=" " ind2=" ">
<subfield code="c">1999-12-09 00:00:00</subfield>
</dataField>   <datafield tag="856" ind1=" " ind2=" ">
<subfield code="q">application/pdf</subfield>
</datafield>
<datafield tag="856" ind1="4" ind2="0">
<subfield code="u">https://www.revistas.usp.br/actafisiatrica/article/view/102246</subfield>
</datafield>  <datafield tag="786" ind1="0" ind2=" ">
<subfield code="n">Acta Fisiátrica; v. 6 n. 2 (1999)</subfield>
</datafield>  <datafield tag="546" ind1=" " ind2=" ">
<subfield code="a">por</subfield>
</datafield>   <datafield tag="540" ind1=" " ind2=" ">
<subfield code="a">Copyright (c) 1999 Acta Fisiátrica</subfield>
</datafield>
</record>
</metadata>
</record>