
<record>
<header>
<identifier>oai:revistas.usp.br:article/102251</identifier>
<datestamp>2020-07-31T22:53:44Z</datestamp>
<setSpec>actafisiatrica:Art.+Orig.</setSpec>
<setSpec>driver</setSpec>
</header>
<metadata>
<record xmlns="http://www.loc.gov/MARC21/slim" xmlns:xsi="http://www.w3.org/2001/XMLSchema-instance" xsi:schemaLocation="http://www.loc.gov/MARC21/slim http://www.loc.gov/standards/marcxml/schema/MARC21slim.xsd">
<leader>     nmb a2200000Iu 4500</leader>
<controlfield tag="008">"000409 2000                        eng  "</controlfield>
<datafield tag="022" ind1="#" ind2="#">
<subfield code="$a">2317-0190</subfield>
</datafield>
<datafield tag="022" ind1="#" ind2="#">
<subfield code="$a">0104-7795</subfield>
</datafield>
<datafield tag="042" ind1=" " ind2=" ">
<subfield code="a">dc</subfield>
</datafield>
<datafield tag="245" ind1="0" ind2="0">
<subfield code="a">Tratamento conservador da síndrome do impacto subacromial: estudo em 21 pacientes</subfield>
</datafield>  <datafield tag="720" ind1="1" ind2=" ">
<subfield code="a">Giordano, Marcos</subfield>
<subfield code="u">Universidade Federal do Rio de Janeiro</subfield></datafield>
<datafield tag="720" ind1="1" ind2=" ">
<subfield code="a">Giordano, Vincenzo</subfield>
<subfield code="u">Universidade Federal do Rio de Janeiro</subfield></datafield>
<datafield tag="720" ind1="1" ind2=" ">
<subfield code="a">Giordano, Lucia Helena Barbosa</subfield>
</datafield>
<datafield tag="720" ind1="1" ind2=" ">
<subfield code="a">Giordano, José Noberto</subfield>
</datafield>
<datafield tag="520" ind1=" " ind2=" ">
<subfield code="a"> A síndrome do impacto subacromial é um distúrbio cada vez mais observado na prática clínica. Dentre as modalidades de tratamento, o fisioterápico é dos mais recomendados. Dessa forma, objetivou-se avaliar a eficácia do tratamento conservador fisioterápico da síndrome do impacto subacromial utilizando-se protocolo adotado na Clínica de Ortopedia e Fisiatria Dr. Giordano Ltda. Foram estudados, prospectivamente, 21 pacientes (28 ombros com diagnóstico de síndrome do impacto subacromial), 16 mulheres (76,2%) e 5 homens (23,8%) com idade média de 58,9 anos (variando de 42 a 79 anos). O lado esquerdo esteve envolvido isoladamente em 9 pacientes (42,9%) e o direito em 5 (23,8%). Em 7 pacientes (33,3%), o acometimento foi bilateral. O tratamento foi indicado imediatamente após o diagnóstico ser firmado e consistiu inicialmente (fase aguda) de diatermia com ondas curtas (20 minutos), irradiação com laser de baixa energia (gálio-arsênico) (5 minutos), estimulação elétrica transcutânea (20 minutos) e cinesioterapia (exercícios de Codman), com sessões realizadas três vezes por semana. Passada a fase aguda, foram acrescentados exercícios visando ao ganho de amplitude de movimentos e ao fortalecimento muscular. Os resultados foram avaliados segundo os critérios adotados pela Sociedade Americana de Cirurgiões do Ombro e do Cotovelo e dos 28 ombros envolvidos. Em 7 (25%), os resultados foram considerados excelentes; em 17 (60,7%), bons; em 3 (10,7%), regulares; e em 1 (3,6%), ruim. Concluiu-se que o protocolo utilizado é eficiente e pode ser adotado para o tratamento da síndrome do impacto subacromial. </subfield>
</datafield>
<datafield tag="260" ind1=" " ind2=" ">
<subfield code="b">Faculdade de Medicina, Universidade de São Paulo</subfield>
</datafield>
<dataField tag="260" ind1=" " ind2=" ">
<subfield code="c">2000-04-09 00:00:00</subfield>
</dataField>   <datafield tag="856" ind1=" " ind2=" ">
<subfield code="q">application/pdf</subfield>
</datafield>
<datafield tag="856" ind1="4" ind2="0">
<subfield code="u">https://www.revistas.usp.br/actafisiatrica/article/view/102251</subfield>
</datafield>  <datafield tag="786" ind1="0" ind2=" ">
<subfield code="n">Acta Fisiátrica; v. 7 n. 1 (2000)</subfield>
</datafield>  <datafield tag="546" ind1=" " ind2=" ">
<subfield code="a">por</subfield>
</datafield>   <datafield tag="540" ind1=" " ind2=" ">
<subfield code="a">Copyright (c) 2000 Acta Fisiátrica</subfield>
</datafield>
</record>
</metadata>
</record>