
<record>
<header>
<identifier>oai:revistas.usp.br:article/102252</identifier>
<datestamp>2020-07-31T22:53:48Z</datestamp>
<setSpec>actafisiatrica:Art.+Orig.</setSpec>
<setSpec>driver</setSpec>
</header>
<metadata>
<record xmlns="http://www.loc.gov/MARC21/slim" xmlns:xsi="http://www.w3.org/2001/XMLSchema-instance" xsi:schemaLocation="http://www.loc.gov/MARC21/slim http://www.loc.gov/standards/marcxml/schema/MARC21slim.xsd">
<leader>     nmb a2200000Iu 4500</leader>
<controlfield tag="008">"000409 2000                        eng  "</controlfield>
<datafield tag="022" ind1="#" ind2="#">
<subfield code="$a">2317-0190</subfield>
</datafield>
<datafield tag="022" ind1="#" ind2="#">
<subfield code="$a">0104-7795</subfield>
</datafield>
<datafield tag="042" ind1=" " ind2=" ">
<subfield code="a">dc</subfield>
</datafield>
<datafield tag="245" ind1="0" ind2="0">
<subfield code="a">Em busca de evidência para a prática médica diária</subfield>
</datafield>  <datafield tag="100" ind1="1" ind2=" ">
<subfield code="a">Furlan, Andréa Dompieri</subfield>
<subfield code="u">University Health Network. The Toronto Hospital</subfield></datafield>
<datafield tag="520" ind1=" " ind2=" ">
<subfield code="a"> O médico não tem tempo para estudar e manter-se atualizado na medida que seria necessário. No entanto, a medicina tem evoluído com uma velocidade espantosa e práticas atuais são substituídas por novas muito mais rapidamente nos últimos anos. O que fazer diante de problemas clínicos e questionamentos sobre eficácias de tratamentos? O médico tem várias opções, e uma delas é procurar as respostas em revisões da literatura. Entretanto, nem todas as revisões da literatura são bem feitas ou têm resultados confiáveis. A maioria representa a opinião pessoal dos autores e não há uma metodologia para a sua realização. Ultimamente, têm sido publicadas revisões sistemáticas da literatura, em que os autores delimitam uma questão específica para, então, buscar todos os estudos que respondam a essa pergunta. Uma revisão sistemática da literatura deve conter: objetivos, métodos, análise de qualidade de cada estudo incluído, resultados, conclusões e discussão. O médico precisa ter acesso a esses tipos de revisão e aprender a avaliar a sua qualidade. Um dos critérios recomendados é o que foi desenvolvido por Oxman e Guyatt. A Cochrane Collaboration tem desenvolvido métodos e técnicas para a realização de revisões com o mínimo de erros e opiniões pessoais, sendo, portanto, uma das maiores fontes de revisões da literatura de boa qualidade atualmente. </subfield>
</datafield>
<datafield tag="260" ind1=" " ind2=" ">
<subfield code="b">Faculdade de Medicina, Universidade de São Paulo</subfield>
</datafield>
<dataField tag="260" ind1=" " ind2=" ">
<subfield code="c">2000-04-09 00:00:00</subfield>
</dataField>   <datafield tag="856" ind1=" " ind2=" ">
<subfield code="q">application/pdf</subfield>
</datafield>
<datafield tag="856" ind1="4" ind2="0">
<subfield code="u">https://www.revistas.usp.br/actafisiatrica/article/view/102252</subfield>
</datafield>  <datafield tag="786" ind1="0" ind2=" ">
<subfield code="n">Acta Fisiátrica; v. 7 n. 1 (2000)</subfield>
</datafield>  <datafield tag="546" ind1=" " ind2=" ">
<subfield code="a">por</subfield>
</datafield>   <datafield tag="540" ind1=" " ind2=" ">
<subfield code="a">Copyright (c) 2000 Acta Fisiátrica</subfield>
</datafield>
</record>
</metadata>
</record>