
<record>
<header>
<identifier>oai:revistas.usp.br:article/102253</identifier>
<datestamp>2020-07-31T22:53:51Z</datestamp>
<setSpec>actafisiatrica:Art.+Orig.</setSpec>
<setSpec>driver</setSpec>
</header>
<metadata>
<record xmlns="http://www.loc.gov/MARC21/slim" xmlns:xsi="http://www.w3.org/2001/XMLSchema-instance" xsi:schemaLocation="http://www.loc.gov/MARC21/slim http://www.loc.gov/standards/marcxml/schema/MARC21slim.xsd">
<leader>     nmb a2200000Iu 4500</leader>
<controlfield tag="008">"000409 2000                        eng  "</controlfield>
<datafield tag="022" ind1="#" ind2="#">
<subfield code="$a">2317-0190</subfield>
</datafield>
<datafield tag="022" ind1="#" ind2="#">
<subfield code="$a">0104-7795</subfield>
</datafield>
<datafield tag="042" ind1=" " ind2=" ">
<subfield code="a">dc</subfield>
</datafield>
<datafield tag="245" ind1="0" ind2="0">
<subfield code="a">Estudo ergométrico evolutivo de portadoras de fibromialgia primária em programa de treinamento cardiovascular supervisionado</subfield>
</datafield>  <datafield tag="720" ind1="1" ind2=" ">
<subfield code="a">Sabbag, Lívia Maria dos Santos</subfield>
<subfield code="u">Universidade de São Paulo. Faculdade de Medicina</subfield></datafield>
<datafield tag="720" ind1="1" ind2=" ">
<subfield code="a">Dourado, Maristela Palácios</subfield>
<subfield code="u">Universidade de São Paulo. Faculdade de Medicina</subfield></datafield>
<datafield tag="720" ind1="1" ind2=" ">
<subfield code="a">Yasbek Júnior, Paulo</subfield>
<subfield code="u">Universidade de São Paulo. Faculdade de Medicina</subfield></datafield>
<datafield tag="720" ind1="1" ind2=" ">
<subfield code="a">Novo, Neil Ferreira</subfield>
<subfield code="u">Universidade Federal de São Paulo</subfield></datafield>
<datafield tag="720" ind1="1" ind2=" ">
<subfield code="a">Kaziyama, Helena Hideko Seguchi</subfield>
<subfield code="u">Universidade de São Paulo. Faculdade de Medicina</subfield></datafield>
<datafield tag="720" ind1="1" ind2=" ">
<subfield code="a">Miyazaki, Margarida Harumi</subfield>
<subfield code="u">Universidade de São Paulo. Faculdade de Medicina</subfield></datafield>
<datafield tag="720" ind1="1" ind2=" ">
<subfield code="a">Battistella, Linamara Rizzo</subfield>
<subfield code="u">Universidade de São Paulo. Faculdade de Medicina</subfield><subfield code="0">https://orcid.org/0000-0001-5275-0733</subfield></datafield>
<datafield tag="520" ind1=" " ind2=" ">
<subfield code="a"> Fibromialgia é uma síndrome dolorosa crônica caracterizada por dor musculoesquelética generalizada1,2,3,4,5. Na última década, o exercício físico tornou-se promissor como opção terapêutica da síndrome6,7,8,9,10,11,12,13,14. Objetivo: avaliação ergométrica prospectiva de portadoras de fibromialgia primária (FP) em programa de treinamento cardiovascular supervisionado (TCS). Treze mulheres, média de idade de 48,9 anos, portadoras de FP, submeteram-se a teste ergométrico (TE) em esteira rolante, protocolo de Ellestad, no tempo zero, 3o e 6o meses de TCS. Os critérios de interrupção do TE foram cansaço e dor. Para o TCS, foi estabelecida uma faixa de 60% a 70% da freqüência cardíaca (FC) máxima, calculada pelo método de Karvonen. A assiduidade foi superior a 80% de 72 sessões, 3 vezes por semana, com duração de 60 minutos. Realizada a avaliação subjetiva da dor muscular e analisadas as variáveis do TE. Análise estatística: variância dos postos de Friedman e teste de comparações múltiplas15. Resultados: no 3o mês, houve aumento significativo da resposta cronotrópica. No 3o e 6o meses, foram significativos: aumento do tempo de exercício, capacidade funcional, trabalho total e diminuição da FC carga máxima comum. Não houve diferença significante da DPAS, duplo produto (DP), DP carga máxima comum e %FC máxima. Comparadas com o final do TE do tempo zero, a maior porcentagem de pacientes atingiu cargas mais elevadas e a mesma intensidade de dor no 3o e 6o meses de TCS. Conclusão: a partir do 3o mês de TCS, as portadoras de FP apresentaram maior tolerância à dor muscular e ao esforço, melhora da capacidade funcional cardiovascular e muscular periférica. </subfield>
</datafield>
<datafield tag="260" ind1=" " ind2=" ">
<subfield code="b">Faculdade de Medicina, Universidade de São Paulo</subfield>
</datafield>
<dataField tag="260" ind1=" " ind2=" ">
<subfield code="c">2000-04-09 00:00:00</subfield>
</dataField>   <datafield tag="856" ind1=" " ind2=" ">
<subfield code="q">application/pdf</subfield>
</datafield>
<datafield tag="856" ind1="4" ind2="0">
<subfield code="u">https://www.revistas.usp.br/actafisiatrica/article/view/102253</subfield>
</datafield>  <datafield tag="786" ind1="0" ind2=" ">
<subfield code="n">Acta Fisiátrica; v. 7 n. 1 (2000)</subfield>
</datafield>  <datafield tag="546" ind1=" " ind2=" ">
<subfield code="a">por</subfield>
</datafield>   <datafield tag="540" ind1=" " ind2=" ">
<subfield code="a">Copyright (c) 2000 Acta Fisiátrica</subfield>
</datafield>
</record>
</metadata>
</record>