
<record>
<header>
<identifier>oai:revistas.usp.br:article/102254</identifier>
<datestamp>2020-07-31T22:53:55Z</datestamp>
<setSpec>actafisiatrica:Art.+Rev.+Aval.</setSpec>
<setSpec>driver</setSpec>
</header>
<metadata>
<record xmlns="http://www.loc.gov/MARC21/slim" xmlns:xsi="http://www.w3.org/2001/XMLSchema-instance" xsi:schemaLocation="http://www.loc.gov/MARC21/slim http://www.loc.gov/standards/marcxml/schema/MARC21slim.xsd">
<leader>     nmb a2200000Iu 4500</leader>
<controlfield tag="008">"000409 2000                        eng  "</controlfield>
<datafield tag="022" ind1="#" ind2="#">
<subfield code="$a">2317-0190</subfield>
</datafield>
<datafield tag="022" ind1="#" ind2="#">
<subfield code="$a">0104-7795</subfield>
</datafield>
<datafield tag="042" ind1=" " ind2=" ">
<subfield code="a">dc</subfield>
</datafield>
<datafield tag="245" ind1="0" ind2="0">
<subfield code="a">Neuropatia diabética: fisiopatologia, clínica e eletroneuromiografia</subfield>
</datafield>  <datafield tag="720" ind1="1" ind2=" ">
<subfield code="a">Dias, Rafael José Soares</subfield>
<subfield code="u">Clínica de Eletroneurofisiátria Armando Carneiro</subfield></datafield>
<datafield tag="720" ind1="1" ind2=" ">
<subfield code="a">Carneiro, Armando Pereira</subfield>
<subfield code="u">Clínica de Eletroneurofisiátria Armando Carneiro</subfield></datafield>
<datafield tag="520" ind1=" " ind2=" ">
<subfield code="a"> A neuropatia afeta a maioria dos diabéticos de longa evolução. Sua melhor compreensão é de fundamental importância na formação de um correto raciocínio clínico. As principais vias fisiopatológicas conhecidas, a apresentação clínica e os achados eletrofisiológicos são revisados por meio de pesquisa na MedLine e alguns dados pessoais são apresentados. O conhecimento da fisiopatologia, da clínica e da eletrofisiologia são essenciais para uma abordagem crítica e racional dessa heterogênea e complexa patologia. </subfield>
</datafield>
<datafield tag="260" ind1=" " ind2=" ">
<subfield code="b">Faculdade de Medicina, Universidade de São Paulo</subfield>
</datafield>
<dataField tag="260" ind1=" " ind2=" ">
<subfield code="c">2000-04-09 00:00:00</subfield>
</dataField>   <datafield tag="856" ind1=" " ind2=" ">
<subfield code="q">application/pdf</subfield>
</datafield>
<datafield tag="856" ind1="4" ind2="0">
<subfield code="u">https://www.revistas.usp.br/actafisiatrica/article/view/102254</subfield>
</datafield>  <datafield tag="786" ind1="0" ind2=" ">
<subfield code="n">Acta Fisiátrica; v. 7 n. 1 (2000)</subfield>
</datafield>  <datafield tag="546" ind1=" " ind2=" ">
<subfield code="a">por</subfield>
</datafield>   <datafield tag="540" ind1=" " ind2=" ">
<subfield code="a">Copyright (c) 2000 Acta Fisiátrica</subfield>
</datafield>
</record>
</metadata>
</record>