
<record>
<header>
<identifier>oai:revistas.usp.br:article/102257</identifier>
<datestamp>2020-07-31T22:56:17Z</datestamp>
<setSpec>actafisiatrica:Art.+Orig.</setSpec>
<setSpec>driver</setSpec>
</header>
<metadata>
<record xmlns="http://www.loc.gov/MARC21/slim" xmlns:xsi="http://www.w3.org/2001/XMLSchema-instance" xsi:schemaLocation="http://www.loc.gov/MARC21/slim http://www.loc.gov/standards/marcxml/schema/MARC21slim.xsd">
<leader>     nmb a2200000Iu 4500</leader>
<controlfield tag="008">"000809 2000                        eng  "</controlfield>
<datafield tag="022" ind1="#" ind2="#">
<subfield code="$a">2317-0190</subfield>
</datafield>
<datafield tag="022" ind1="#" ind2="#">
<subfield code="$a">0104-7795</subfield>
</datafield>
<datafield tag="042" ind1=" " ind2=" ">
<subfield code="a">dc</subfield>
</datafield>
<datafield tag="245" ind1="0" ind2="0">
<subfield code="a">Técnicas de relaxamento no contexto da psicoterapia de pacientes com queixas de dor crônica e fibromialgia: uma proposta</subfield>
</datafield>  <datafield tag="720" ind1="1" ind2=" ">
<subfield code="a">Souza, Luiz Paulo Marques de</subfield>
<subfield code="u">Universidade de São Paulo. Faculdade de Medicina</subfield></datafield>
<datafield tag="720" ind1="1" ind2=" ">
<subfield code="a">Forgione, Maria Cristina Rizzi</subfield>
<subfield code="u">Universidade de São Paulo. Faculdade de Medicina</subfield></datafield>
<datafield tag="720" ind1="1" ind2=" ">
<subfield code="a">Alves, Vera Lúcia Rodrigues</subfield>
<subfield code="u">Universidade de São Paulo. Faculdade de Medicina</subfield></datafield>
<datafield tag="520" ind1=" " ind2=" ">
<subfield code="a"> O presente artigo consiste em uma revisão bibliográfica a respeito do fenômeno da dor realizada no Serviço de Psicologia da Divisão de Medicina de Reabilitação do Hospital das Clínicas da Universidade de São Paulo. Os autores iniciam definindo o conceito de dor e suas diferenciações, abordando os aspectos psicológicos e sociais que desencadeiam ou acompanham os fenômenos álgicos. É também comentada a possível correlação entre o desenvolvimento das síndromes álgicas crônicas – como a fibromialgia – e as disfunções psicossomáticas. O artigo, da mesma forma, propõe que as técnicas de recondicionamento psicofísico, também chamadas de relaxamento, venham a ser empregadas no contexto psicoterápico de pacientes com queixas de dores crônicas. Por meio delas, procura-se o restabelecimento do tônus muscular dos indivíduos e promover uma melhora na qualidade de vida, uma vez que oferecem, por conseqüência, bem-estar físico e mental. </subfield>
</datafield>
<datafield tag="260" ind1=" " ind2=" ">
<subfield code="b">Faculdade de Medicina, Universidade de São Paulo</subfield>
</datafield>
<dataField tag="260" ind1=" " ind2=" ">
<subfield code="c">2000-08-09 00:00:00</subfield>
</dataField>   <datafield tag="856" ind1=" " ind2=" ">
<subfield code="q">application/pdf</subfield>
</datafield>
<datafield tag="856" ind1="4" ind2="0">
<subfield code="u">https://www.revistas.usp.br/actafisiatrica/article/view/102257</subfield>
</datafield>  <datafield tag="786" ind1="0" ind2=" ">
<subfield code="n">Acta Fisiátrica; v. 7 n. 2 (2000)</subfield>
</datafield>  <datafield tag="546" ind1=" " ind2=" ">
<subfield code="a">por</subfield>
</datafield>   <datafield tag="540" ind1=" " ind2=" ">
<subfield code="a">Copyright (c) 2000 Acta Fisiátrica</subfield>
</datafield>
</record>
</metadata>
</record>
<resumptionToken expirationDate="2023-08-08T14:49:54Z" completeListSize="935" cursor="75">96b5658001f707d94ebcdb49b81a0fd6</resumptionToken>
</ListRecords>
</OAI-PMH> 